[gd_scene load_steps=11 format=2]

[ext_resource path="res://Pixel Art/newPixelArt/BolasProjectile/pixil-frame-6.png" type="Texture" id=1]
[ext_resource path="res://Pixel Art/newPixelArt/BolasProjectile/pixil-frame-5.png" type="Texture" id=2]
[ext_resource path="res://Pixel Art/newPixelArt/BolasProjectile/pixil-frame-3.png" type="Texture" id=3]
[ext_resource path="res://Pixel Art/newPixelArt/BolasProjectile/pixil-frame-4.png" type="Texture" id=4]
[ext_resource path="res://Pixel Art/newPixelArt/BolasProjectile/pixil-frame-0.png" type="Texture" id=5]
[ext_resource path="res://Pixel Art/newPixelArt/BolasProjectile/pixil-frame-2.png" type="Texture" id=6]
[ext_resource path="res://Pixel Art/newPixelArt/BolasProjectile/pixil-frame-1.png" type="Texture" id=7]
[ext_resource path="res://Bolas.gd" type="Script" id=8]

[sub_resource type="SpriteFrames" id=1]
animations = [ {
"frames": [ ExtResource( 5 ), ExtResource( 7 ), ExtResource( 6 ), ExtResource( 3 ), ExtResource( 4 ), ExtResource( 2 ), ExtResource( 1 ) ],
"loop": true,
"name": "fly",
"speed": 10.0
} ]

[sub_resource type="RectangleShape2D" id=2]
extents = Vector2( 16, 12 )

[node name="Bolas" type="Area2D"]
script = ExtResource( 8 )

[node name="flySprite" type="AnimatedSprite" parent="."]
frames = SubResource( 1 )
animation = "fly"
frame = 1

[node name="CollisionShape2D" type="CollisionShape2D" parent="."]
position = Vector2( -2, -1 )
shape = SubResource( 2 )

[node name="VisibilityNotifier2D" type="VisibilityNotifier2D" parent="."]
position = Vector2( -1, -1 )
[connection signal="body_entered" from="." to="." method="_on_Bolas_body_entered"]
[connection signal="screen_exited" from="VisibilityNotifier2D" to="." method="_on_VisibilityNotifier2D_screen_exited"]
