[gd_scene load_steps=48 format=2]

[ext_resource path="res://Pixel Art/rough draft stuff/Gate/Gate_Bottom/GateBottomAnimation.png" type="Texture" id=1]
[ext_resource path="res://Pixel Art/rough draft stuff/Gate/Gate_Top/GateTopAnimation.png" type="Texture" id=2]
[ext_resource path="res://Pixel Art/rough draft stuff/Gate/Gate_Middle/GateMiddleAnimation.png" type="Texture" id=3]
[ext_resource path="res://EnemyGate.gd" type="Script" id=4]

[sub_resource type="AtlasTexture" id=1]
atlas = ExtResource( 1 )
region = Rect2( 0, 0, 32, 32 )

[sub_resource type="AtlasTexture" id=2]
atlas = ExtResource( 1 )
region = Rect2( 32, 0, 32, 32 )

[sub_resource type="AtlasTexture" id=3]
atlas = ExtResource( 1 )
region = Rect2( 64, 0, 32, 32 )

[sub_resource type="AtlasTexture" id=4]
atlas = ExtResource( 1 )
region = Rect2( 96, 0, 32, 32 )

[sub_resource type="AtlasTexture" id=5]
atlas = ExtResource( 1 )
region = Rect2( 128, 0, 32, 32 )

[sub_resource type="AtlasTexture" id=6]
atlas = ExtResource( 1 )
region = Rect2( 160, 0, 32, 32 )

[sub_resource type="AtlasTexture" id=7]
atlas = ExtResource( 1 )
region = Rect2( 192, 0, 32, 32 )

[sub_resource type="AtlasTexture" id=8]
atlas = ExtResource( 1 )
region = Rect2( 224, 0, 32, 32 )

[sub_resource type="AtlasTexture" id=9]
atlas = ExtResource( 1 )
region = Rect2( 256, 0, 32, 32 )

[sub_resource type="AtlasTexture" id=10]
atlas = ExtResource( 1 )
region = Rect2( 288, 0, 32, 32 )

[sub_resource type="AtlasTexture" id=11]
atlas = ExtResource( 1 )
region = Rect2( 320, 0, 32, 32 )

[sub_resource type="AtlasTexture" id=12]
atlas = ExtResource( 1 )
region = Rect2( 352, 0, 32, 32 )

[sub_resource type="AtlasTexture" id=13]
atlas = ExtResource( 1 )
region = Rect2( 384, 0, 32, 32 )

[sub_resource type="AtlasTexture" id=14]
atlas = ExtResource( 1 )
region = Rect2( 416, 0, 32, 32 )

[sub_resource type="SpriteFrames" id=15]
animations = [ {
"frames": [ SubResource( 1 ), SubResource( 2 ), SubResource( 3 ), SubResource( 4 ), SubResource( 5 ), SubResource( 6 ), SubResource( 7 ), SubResource( 8 ), SubResource( 9 ), SubResource( 10 ), SubResource( 11 ), SubResource( 12 ), SubResource( 13 ), SubResource( 14 ) ],
"loop": false,
"name": "default",
"speed": 25.0
} ]

[sub_resource type="AtlasTexture" id=16]
atlas = ExtResource( 3 )
region = Rect2( 0, 0, 32, 32 )

[sub_resource type="AtlasTexture" id=17]
atlas = ExtResource( 3 )
region = Rect2( 32, 0, 32, 32 )

[sub_resource type="AtlasTexture" id=18]
atlas = ExtResource( 3 )
region = Rect2( 64, 0, 32, 32 )

[sub_resource type="AtlasTexture" id=19]
atlas = ExtResource( 3 )
region = Rect2( 96, 0, 32, 32 )

[sub_resource type="AtlasTexture" id=20]
atlas = ExtResource( 3 )
region = Rect2( 128, 0, 32, 32 )

[sub_resource type="AtlasTexture" id=21]
atlas = ExtResource( 3 )
region = Rect2( 160, 0, 32, 32 )

[sub_resource type="AtlasTexture" id=22]
atlas = ExtResource( 3 )
region = Rect2( 192, 0, 32, 32 )

[sub_resource type="AtlasTexture" id=23]
atlas = ExtResource( 3 )
region = Rect2( 224, 0, 32, 32 )

[sub_resource type="AtlasTexture" id=24]
atlas = ExtResource( 3 )
region = Rect2( 256, 0, 32, 32 )

[sub_resource type="AtlasTexture" id=25]
atlas = ExtResource( 3 )
region = Rect2( 288, 0, 32, 32 )

[sub_resource type="AtlasTexture" id=26]
atlas = ExtResource( 3 )
region = Rect2( 320, 0, 32, 32 )

[sub_resource type="AtlasTexture" id=27]
atlas = ExtResource( 3 )
region = Rect2( 352, 0, 32, 32 )

[sub_resource type="AtlasTexture" id=28]
atlas = ExtResource( 3 )
region = Rect2( 384, 0, 32, 32 )

[sub_resource type="SpriteFrames" id=29]
animations = [ {
"frames": [ SubResource( 16 ), SubResource( 17 ), SubResource( 18 ), SubResource( 19 ), SubResource( 20 ), SubResource( 21 ), SubResource( 22 ), SubResource( 23 ), SubResource( 24 ), SubResource( 25 ), SubResource( 26 ), SubResource( 27 ), SubResource( 28 ), null ],
"loop": false,
"name": "default",
"speed": 25.0
} ]

[sub_resource type="AtlasTexture" id=30]
atlas = ExtResource( 2 )
region = Rect2( 0, 0, 32, 32 )

[sub_resource type="AtlasTexture" id=31]
atlas = ExtResource( 2 )
region = Rect2( 32, 0, 32, 32 )

[sub_resource type="AtlasTexture" id=32]
atlas = ExtResource( 2 )
region = Rect2( 64, 0, 32, 32 )

[sub_resource type="AtlasTexture" id=33]
atlas = ExtResource( 2 )
region = Rect2( 96, 0, 32, 32 )

[sub_resource type="AtlasTexture" id=34]
atlas = ExtResource( 2 )
region = Rect2( 128, 0, 32, 32 )

[sub_resource type="AtlasTexture" id=35]
atlas = ExtResource( 2 )
region = Rect2( 160, 0, 32, 32 )

[sub_resource type="AtlasTexture" id=36]
atlas = ExtResource( 2 )
region = Rect2( 192, 0, 32, 32 )

[sub_resource type="AtlasTexture" id=37]
atlas = ExtResource( 2 )
region = Rect2( 224, 0, 32, 32 )

[sub_resource type="AtlasTexture" id=38]
atlas = ExtResource( 2 )
region = Rect2( 256, 0, 32, 32 )

[sub_resource type="AtlasTexture" id=39]
atlas = ExtResource( 2 )
region = Rect2( 288, 0, 32, 32 )

[sub_resource type="AtlasTexture" id=40]
atlas = ExtResource( 2 )
region = Rect2( 320, 0, 32, 32 )

[sub_resource type="AtlasTexture" id=41]
atlas = ExtResource( 2 )
region = Rect2( 352, 0, 32, 32 )

[sub_resource type="SpriteFrames" id=42]
animations = [ {
"frames": [ SubResource( 30 ), SubResource( 31 ), SubResource( 32 ), SubResource( 33 ), SubResource( 34 ), SubResource( 35 ), SubResource( 36 ), SubResource( 37 ), SubResource( 38 ), SubResource( 39 ), SubResource( 40 ), SubResource( 41 ) ],
"loop": false,
"name": "default",
"speed": 25.0
} ]

[sub_resource type="RectangleShape2D" id=43]
extents = Vector2( 6, 48 )

[node name="EnemyGate" type="Area2D"]
script = ExtResource( 4 )

[node name="EnemyGateBottom" type="AnimatedSprite" parent="."]
frames = SubResource( 15 )

[node name="EnemyGateMiddle" type="AnimatedSprite" parent="."]
position = Vector2( 0, -32 )
frames = SubResource( 29 )

[node name="EnemyGateTop" type="AnimatedSprite" parent="."]
position = Vector2( 0, -64 )
frames = SubResource( 42 )

[node name="StaticBody2D" type="StaticBody2D" parent="."]

[node name="CollisionShape2D" type="CollisionShape2D" parent="StaticBody2D"]
position = Vector2( 0, -32 )
shape = SubResource( 43 )

[node name="EnemySmoothTimer1" type="Timer" parent="."]
wait_time = 0.4
one_shot = true

[node name="EnemySmoothTimer2" type="Timer" parent="."]
wait_time = 0.4
one_shot = true

[node name="EnemyAnimationTimer" type="Timer" parent="."]
wait_time = 1.5
one_shot = true

[node name="EnemyDelay" type="Timer" parent="."]
one_shot = true
[connection signal="timeout" from="EnemySmoothTimer1" to="." method="_on_EnemySmoothTimer1_timeout"]
[connection signal="timeout" from="EnemySmoothTimer2" to="." method="_on_EnemySmoothTimer2_timeout"]
[connection signal="timeout" from="EnemyAnimationTimer" to="." method="_on_EnemyAnimationTimer_timeout"]
[connection signal="timeout" from="EnemyDelay" to="." method="_on_EnemyDelay_timeout"]
