[gd_scene load_steps=9 format=2]

[ext_resource path="res://opp-assets/environment/tiles/castle/tile_castle.png" type="Texture" id=1]

[sub_resource type="SegmentShape2D" id=1]
a = Vector2( -16, 16 )
b = Vector2( 16, 0 )

[sub_resource type="SegmentShape2D" id=2]
a = Vector2( 16, -16 )
b = Vector2( -16, 0 )

[sub_resource type="SegmentShape2D" id=3]
a = Vector2( 16, 0 )
b = Vector2( -16, -16 )

[sub_resource type="SegmentShape2D" id=4]
a = Vector2( -16, 0 )
b = Vector2( 16, 16 )

[sub_resource type="RectangleShape2D" id=7]
extents = Vector2( 16, 16 )

[sub_resource type="SegmentShape2D" id=5]
a = Vector2( 16, -16 )
b = Vector2( -16, 16 )

[sub_resource type="SegmentShape2D" id=6]
a = Vector2( 16, 16 )
b = Vector2( -16, -16 )

[node name="Hell Castle Tile Set" type="Node2D"]
modulate = Color( 1, 0, 0, 1 )

[node name="1_1" type="Sprite" parent="."]
modulate = Color( 1, 0, 0, 1 )
texture = ExtResource( 1 )
centered = false
region_enabled = true
region_rect = Rect2( 256, 32, 32, 32 )
__meta__ = {
"_edit_group_": true
}

[node name="StaticBody2D" type="StaticBody2D" parent="1_1"]
position = Vector2( 16, 16 )

[node name="CollisionShape2D" type="CollisionShape2D" parent="1_1/StaticBody2D"]
shape = SubResource( 1 )

[node name="1_2" type="Sprite" parent="."]
modulate = Color( 1, 0, 0, 1 )
position = Vector2( 64, 0 )
texture = ExtResource( 1 )
centered = false
region_enabled = true
region_rect = Rect2( 288, 32, 32, 32 )
__meta__ = {
"_edit_group_": true
}

[node name="StaticBody2D" type="StaticBody2D" parent="1_2"]
position = Vector2( 16, 16 )

[node name="CollisionShape2D" type="CollisionShape2D" parent="1_2/StaticBody2D"]
shape = SubResource( 2 )

[node name="1_3" type="Sprite" parent="."]
modulate = Color( 1, 0, 0, 1 )
position = Vector2( 64, -64 )
texture = ExtResource( 1 )
centered = false
region_enabled = true
region_rect = Rect2( 288, 0, 32, 32 )
__meta__ = {
"_edit_group_": true
}

[node name="StaticBody2D" type="StaticBody2D" parent="1_3"]
position = Vector2( 16, 16 )

[node name="1_4" type="Sprite" parent="."]
modulate = Color( 1, 0, 0, 1 )
position = Vector2( 128, -64 )
texture = ExtResource( 1 )
centered = false
region_enabled = true
region_rect = Rect2( 320, 0, 32, 32 )
__meta__ = {
"_edit_group_": true
}

[node name="StaticBody2D" type="StaticBody2D" parent="1_4"]
position = Vector2( 16, 16 )

[node name="1_5" type="Sprite" parent="."]
modulate = Color( 1, 0, 0, 1 )
position = Vector2( 128, 0 )
texture = ExtResource( 1 )
centered = false
region_enabled = true
region_rect = Rect2( 320, 32, 32, 32 )
__meta__ = {
"_edit_group_": true
}

[node name="StaticBody2D" type="StaticBody2D" parent="1_5"]
position = Vector2( 16, 16 )

[node name="CollisionShape2D" type="CollisionShape2D" parent="1_5/StaticBody2D"]
shape = SubResource( 3 )

[node name="1_6" type="Sprite" parent="."]
modulate = Color( 1, 0, 0, 1 )
position = Vector2( 192, 0 )
texture = ExtResource( 1 )
centered = false
region_enabled = true
region_rect = Rect2( 352, 32, 32, 32 )
__meta__ = {
"_edit_group_": true
}

[node name="StaticBody2D" type="StaticBody2D" parent="1_6"]
position = Vector2( 16, 16 )

[node name="CollisionShape2D" type="CollisionShape2D" parent="1_6/StaticBody2D"]
shape = SubResource( 4 )

[node name="1_7" type="Sprite" parent="."]
modulate = Color( 1, 0, 0, 1 )
position = Vector2( 0, 64 )
texture = ExtResource( 1 )
centered = false
region_enabled = true
region_rect = Rect2( 256, 0, 32, 32 )
__meta__ = {
"_edit_group_": true
}

[node name="StaticBody2D" type="StaticBody2D" parent="1_7"]
position = Vector2( 16, 16 )

[node name="CollisionShape2D" type="CollisionShape2D" parent="1_7/StaticBody2D"]
shape = SubResource( 7 )

[node name="1_8" type="Sprite" parent="."]
modulate = Color( 1, 0, 0, 1 )
position = Vector2( 192, 64 )
texture = ExtResource( 1 )
centered = false
region_enabled = true
region_rect = Rect2( 352, 0, 32, 32 )
__meta__ = {
"_edit_group_": true
}

[node name="StaticBody2D" type="StaticBody2D" parent="1_8"]
position = Vector2( 16, 16 )

[node name="CollisionShape2D" type="CollisionShape2D" parent="1_8/StaticBody2D"]
shape = SubResource( 7 )

[node name="2_1" type="Sprite" parent="."]
modulate = Color( 1, 0, 0, 1 )
position = Vector2( 288, 0 )
texture = ExtResource( 1 )
centered = false
region_enabled = true
region_rect = Rect2( 384, 32, 32, 32 )
__meta__ = {
"_edit_group_": true
}

[node name="StaticBody2D" type="StaticBody2D" parent="2_1"]
position = Vector2( 16, 16 )

[node name="CollisionShape2D" type="CollisionShape2D" parent="2_1/StaticBody2D"]
shape = SubResource( 5 )

[node name="2_2" type="Sprite" parent="."]
modulate = Color( 1, 0, 0, 1 )
position = Vector2( 352, 0 )
texture = ExtResource( 1 )
centered = false
region_enabled = true
region_rect = Rect2( 416, 32, 32, 32 )
__meta__ = {
"_edit_group_": true
}

[node name="StaticBody2D" type="StaticBody2D" parent="2_2"]
position = Vector2( 16, 16 )

[node name="CollisionShape2D" type="CollisionShape2D" parent="2_2/StaticBody2D"]
shape = SubResource( 6 )

[node name="2_3" type="Sprite" parent="."]
modulate = Color( 1, 0, 0, 1 )
position = Vector2( 288, -64 )
texture = ExtResource( 1 )
centered = false
region_enabled = true
region_rect = Rect2( 384, 0, 32, 32 )
__meta__ = {
"_edit_group_": true
}

[node name="StaticBody2D" type="StaticBody2D" parent="2_3"]
position = Vector2( 16, 16 )

[node name="2_4" type="Sprite" parent="."]
modulate = Color( 1, 0, 0, 1 )
position = Vector2( 352, -64 )
texture = ExtResource( 1 )
centered = false
region_enabled = true
region_rect = Rect2( 416, 0, 32, 32 )
__meta__ = {
"_edit_group_": true
}

[node name="StaticBody2D" type="StaticBody2D" parent="2_4"]
position = Vector2( 16, 16 )

[node name="2_5" type="Sprite" parent="."]
modulate = Color( 1, 0, 0, 1 )
position = Vector2( 288, 64 )
texture = ExtResource( 1 )
centered = false
region_enabled = true
region_rect = Rect2( 256, 64, 32, 32 )
__meta__ = {
"_edit_group_": true
}

[node name="StaticBody2D" type="StaticBody2D" parent="2_5"]
position = Vector2( 16, 16 )

[node name="CollisionShape2D" type="CollisionShape2D" parent="2_5/StaticBody2D"]
shape = SubResource( 7 )

[node name="2_6" type="Sprite" parent="."]
modulate = Color( 1, 0, 0, 1 )
position = Vector2( 352, 64 )
texture = ExtResource( 1 )
centered = false
region_enabled = true
region_rect = Rect2( 352, 64, 32, 32 )
__meta__ = {
"_edit_group_": true
}

[node name="StaticBody2D" type="StaticBody2D" parent="2_6"]
position = Vector2( 16, 16 )

[node name="CollisionShape2D" type="CollisionShape2D" parent="2_6/StaticBody2D"]
shape = SubResource( 7 )
